%%%%%%%%%%%%%%%%%%%%%%%%%%%%%%%%%%%%%%%%%%%%%%%%%%%%%%%%%%%%%%%%%%%%%%%%%%%%%%%%%
% Knative
%%%%%%%%%%%%%%%%%%%%%%%%%%%%%%%%%%%%%%%%%%%%%%%%%%%%%%%%%%%%%%%%%%%%%%%%%%%%%%%%%
@book{book:knative_cookbook_2020,
    author = {{Sutter, Burr}; {Sampath, Kamesh}},
    year = {2020},
    title = {Knative Cookbook: Building Effective Serverless Applications with Kubernetes and OpenShift},
    publisher = {O'Reilly Media},
    isbn = {9781492061199},
    url = {https://developers.redhat.com/e-books/knative-cookbook},
}

@book{book:knative_in_action_2021,
    author = {{Chester, Jacques}},
    year = {2021},
    title = {Knative In Action},
    publisher = {Manning Pubns Co},
    isbn = {9781617296642},
    url = {https://tanzu.vmware.com/content/ebooks/knative-in-action},
}

@inbook{inbook:install_knative_k8s_2022,
    author = {{Raj, Pethuru}; {Vanga, Skylab}; {Chaudhary, Akshita}},
    publisher = {John Wiley \& Sons},
    isbn = {9781119814795},
    title = {Instaling Knative on a Kubernetes Cluster},
    booktitle = {Cloud‐Native Computing},
    chapter = {9},
    pages = {163-170},
    doi = {10.1002/9781119814795.ch9},
    year = {2022},
}

@inproceedings{inproceedings:knative_optimize_autoscaler_2020,
    author={{Fan, Dayong}; {He, Dongzhi}},
    booktitle={2020 IEEE 5th Information Technology and Mechatronics Engineering Conference (ITOEC)}, 
    title={Knative Autoscaler Optimize Based on Double Exponential Smoothing}, 
    year={2020},
    pages={614-617},
    doi={10.1109/ITOEC49072.2020.9141858}
}

@article{article:knative_cold_start_pool_2019,
    title={Mitigating Cold Starts in Serverless Platforms: {A} Pool-Based Approach},
    journal={CoRR},
    volume={abs/1903.12221},
    author={{Lin, Ping-Min}; {Glikson, Alex}},
    year={2019},
    doi={10.48550/arXiv.1903.12221}
}

%%%%%%%%%%%%%%%%%%%%%%%%%%%%%%%%%%%%%%%%%%%%%%%%%%%%%%%%%%%%%%%%%%%%%%%%%%%%%%%%%
% Cloud Computing
%%%%%%%%%%%%%%%%%%%%%%%%%%%%%%%%%%%%%%%%%%%%%%%%%%%%%%%%%%%%%%%%%%%%%%%%%%%%%%%%%
@book{book:history_cloud_computing_2013,
    title = {Cloud Computing: Concepts, Technology \& Architecture},
    author={{Erl, Thomas}; {Puttini, Ricardo}; {Mahmood, Zaigham}},
    year = {2014},
    isbn = {9789332535923},
    publisher = {Pearson Education},
    edition = {1st},
    url={https://dl.acm.org/doi/abs/10.5555/2500934},
}

@article{article:nist_cloud_computing_2011,
    title={The NIST Definition of Cloud Computing},
    author={{Mell, Peter}; {Grance, Tim}},
    year={2011},
    journal={NIST Special Publications},
    volume={800},
    number= {145},
    publisher={National Institute of Standards and Technology, Gaithersburg, MD, United States},
    doi={10.6028/NIST.SP.800-145},
}

@article{article:nist_services_evaluation_2018,
    title={Evaluation of Cloud Computing Services Based on NIST SP 800-145},
    author={{Simmon, Eric D.}},
    year={2018},
    journal={NIST Special Publications},
    volume={500},
    number= {322},
    publisher={National Institute of Standards and Technology, Gaithersburg, MD, United States},
    doi={10.6028/NIST.SP.500-322},
}

% NO
@article{article:today_tomorrow_cloud_computing_2009,
    author = {{Won, Kim}},
    title = {Cloud Computing: Today and Tomorrow},
    journal = {Journal of Object Technology},
    volume = {8},
    number = {1},
    year = {2009},
    pages = {65-72},
    doi = {10.5381/jot.2009.8.1.c4},
}

% NO
@article{article:perspective_study_cloud_computing_2010,
    author = {{Wang, Lizhe}; {von Laszewski, Gregor}; {Younge, Andrew}; {He, Xi}; {Kunze, Marcel}; {Tao, Jie}; {Fu, Cheng}},
    year = {2010},
    pages = {137-146},
    title = {Cloud Computing: a Perspective Study},
    volume = {28},
    journal = {New Generation Comput.},
    doi = {10.1007/s00354-008-0081-5}
}

%%%%%%%%%%%%%%%%%%%%%%%%%%%%%%%%%%%%%%%%%%%%%%%%%%%%%%%%%%%%%%%%%%%%%%%%%%%%%%%%%
% Docker
%%%%%%%%%%%%%%%%%%%%%%%%%%%%%%%%%%%%%%%%%%%%%%%%%%%%%%%%%%%%%%%%%%%%%%%%%%%%%%%%%
@article{article:docker_2014,
    author = {{Merkel, Dirk}},
    title = {Docker: Lightweight Linux Containers for Consistent Development and Deployment},
    year = {2014},
    issue_date = {March 2014},
    publisher = {Belltown Media},
    volume = {2014},
    number = {239},
    doi = {10.5555/2600239.2600241},
    journal = {Linux J.}
}

%%%%%%%%%%%%%%%%%%%%%%%%%%%%%%%%%%%%%%%%%%%%%%%%%%%%%%%%%%%%%%%%%%%%%%%%%%%%%%%%%
% Kubernetes
%%%%%%%%%%%%%%%%%%%%%%%%%%%%%%%%%%%%%%%%%%%%%%%%%%%%%%%%%%%%%%%%%%%%%%%%%%%%%%%%%
@article{article:k8s_history,
    title	= {Borg, Omega, and   Kubernetes},
    author	= {{Brendan, Burns}; {Grant, Brian}; {Oppenheimer, David}; {Brewer, Eric}; {Wilkes, John}},
    year	= {2016},
    URL	= {http://queue.acm.org/detail.cfm?id=2898444},
    journal	= {ACM Queue},
    pages	= {70--93},
    volume	= {14}
}

%%%%%%%%%%%%%%%%%%%%%%%%%%%%%%%%%%%%%%%%%%%%%%%%%%%%%%%%%%%%%%%%%%%%%%%%%%%%%%%%%
% Serverless
%%%%%%%%%%%%%%%%%%%%%%%%%%%%%%%%%%%%%%%%%%%%%%%%%%%%%%%%%%%%%%%%%%%%%%%%%%%%%%%%%
@article{article:serverless_is_more_2018,
    author={{Van Eyk, Erwin}; {Toader, Lucian}; {Talluri, Sacheendra}; {Versluis, Laurens}; {Uță, Alexandru}; {Iosup, Alexandru}},
    journal={IEEE Internet Computing}, 
    title={Serverless is More: From PaaS to Present Cloud Computing}, 
    year={2018},
    volume={22},
    number={5},
    pages={8-17},
    doi={10.1109/MIC.2018.053681358}
}

@article{article:faas_serverless_2017,
    author={{Van Eyk, Erwin}; {Iosup, Alexandru}; {Seif, Simon}; {Thömmes, Markus}},
    title={The SPEC cloud group's research vision on FaaS and serverless architectures},
    journal={Proceedings of the 2nd International Workshop on Serverless Computing},
    year={2017},
    doi={10.1145/3154847.3154848}
}

@inproceedings{inproceedings:faas_implications_2019,
    author = {{Shahrad, Mohammad}; {Balkind, Jonathan}; {Wentzlaff, David}},
    title = {Architectural Implications of Function-as-a-Service Computing},
    booktitle = {Proceedings of the 52Nd Annual IEEE/ACM International Symposium on Microarchitecture},
    series = {MICRO '52},
    year = {2019},
    isbn = {978-1-4503-6938-1},
    pages = {1063--1075},
    numpages = {13},
    doi = {10.1145/3352460.3358296},
    publisher = {ACM}
}

@article{article:review_serverless_2023,
    author = {{Jinfeng, Wen}; {Zhenpeng, Chen}; {Xin, Jin}; {Xuanzhe, Liu}},
    title = {Rise of the Planet of Serverless Computing: A Systematic Review},
    year = {2023},
    publisher = {Association for Computing Machinery},
    volume = {32},
    number = {5},
    doi = {10.1145/3579643},
    journal = {ACM Trans. Softw. Eng. Methodol.}
}

@article{article:simplified_serverless_2019,
    author = {{Jonas, Eric}; {Schleier-Smith, Johann}; {Sreekanti, Vikram}; {Tsai, Chia-Che}; {Khandelwal, Anurag}; {Pu, Qifan}; {Shankar, Vaishaal}; {Carreira, Joao}; {Krauth, Karl}; {Yadwadkar, Neeraja}; {Gonzalez, Joseph}; {Popa, Raluca Ada}; {Stoica, Ion}; {Patterson, David}},
    year = {2019},
    title = {Cloud Programming Simplified: A Berkeley View on Serverless Computing},
    doi = {https://doi.org/10.48550/arXiv.1902.03383}
}

@inproceedings{inproceedings:serverless_opensource_2021,
    doi = {10.18293/SEKE2021-129},
    year = 2021,
    publisher = {{KSI} Research Inc.},
    author = {{Li, Junfeng}; {Kulkarni, Sameer G.}; {Ramakrishnan, K. K.}; {Li, Dan}},
    title = {Analyzing Open-Source Serverless Platforms: Characteristics and Performance},  
    booktitle = {Proceedings of the 33rd International Conference on Software Engineering and Knowledge Engineering}
}
%%%%%%%%%%%%%%%%%%%%%%%%%%%%%%%%%%%%%%%%%%%%%%%%%%%%%%%%%%%%%%%%%%%%%%%%%%%%%%%%%
% Web Crawler
%%%%%%%%%%%%%%%%%%%%%%%%%%%%%%%%%%%%%%%%%%%%%%%%%%%%%%%%%%%%%%%%%%%%%%%%%%%%%%%%%

@article{article:history_web_crawler_2014,
    author = {{Mirtaheri, Seyed}; {Dinçktürk, Mustafa}; {Hooshmand, Salman}; {Bochmann, Gregor}; {Jourdan, Guy-Vincent}; {Onut, Iosif-Viorel}},
    year = {2014},
    title = {A Brief History of Web Crawlers},
    doi = {10.48550/arXiv.1405.0749}
}

@article{article:web_scraping_crawling_2021,
    author = {{Khder, Moaiad}},
    year = {2021},
    month = {12},
    pages = {145-168},
    title = {Web Scraping or Web Crawling: State of Art, Techniques, Approaches and Application},
    volume = {13},
    journal = {International Journal of Advances in Soft Computing and its Applications},
    doi = {10.15849/IJASCA.211128.11}
}

@inproceedings{inproceedings:cloud_web_scraping_2017,
    author={{Chaulagain, Ram Sharan};{Pandey, Santosh};{Basnet, Sadhu Ram}; {Shakya, Subarna}},
    booktitle={2017 IEEE International Conference on Smart Cloud}, 
    title={Cloud Based Web Scraping for Big Data Applications}, 
    year={2017},
    pages={138-143},
    doi={10.1109/SmartCloud.2017.28}
}

@article{article:review_web_crawler_2013,
    author = {{Abu Kausar, Mohammad}; {Dhaka, Vijaypal}; {Singh, Sanjeev}},
    year = {2013},
    month = {02},
    pages = {31-36},
    title = {Web Crawler: A Review},
    volume = {63},
    journal = {International Journal of Computer Applications},
    doi = {10.5120/10440-5125}
}

@article{article:web_crawler_types_2014,
    author = {{Udapure, Trupti}; {Kale, Ravindra}; {Dharmik, Rajesh}},
    year = {2014},
    month = {01},
    pages = {01-05},
    title = {Study of Web Crawler and its Different Types},
    volume = {16},
    journal = {IOSR Journal of Computer Engineering},
    doi = {10.9790/0661-16160105}
}

@inproceedings{inproceedings:cloud_based_crawler_2015,
    author={{Bahrami, Mehdi}; {Singhal, Mukesh}; {Zhuang, Zixuan}},
    booktitle={2015 18th International Conference on Intelligence in Next Generation Networks}, 
    title={A Cloud-based Web Crawler Architecture}, 
    year={2015},
    pages={216-223},
    doi={10.1109/ICIN.2015.7073834}
}

@article{article:ubi_distributed_crawler_2004,
    author = {{Boldi, Paolo}; {Codenotti, Bruno}; {Santini, Massimo}; {Vigna, Sebastiano}},
    title = {UbiCrawler: A Scalable Fully Distributed Web Crawler},
    year = {2004},
    issue_date = {10 July 2004},
    publisher = {John Wiley \& Sons, Inc.},
    address = {USA},
    volume = {34},
    number = {8},
    issn = {0038-0644},
    doi = {10.1002/spe.587},
    journal = {Softw. Pract. Exper.},
    pages = {711–726},
    numpages = {16}
}

@article{article:design_evaluation_efficient_crawler_2002,
    title = {Architectural design and evaluation of an efficient Web-crawling system},
    journal = {Journal of Systems and Software},
    volume = {60},
    number = {3},
    pages = {185-193},
    year = {2002},
    issn = {0164-1212},
    doi = {10.1016/S0164-1212(01)00091-7},
    author = {{Hongfei, Yan}; {Jianyong, Wang}; {Xiaoming, Li}; {Lin, Guo}}
}

%%%%%%%%%%%%%%%%%%%%%%%%%%%%%%%%%%%%%%%%%%%%%%%%%%%%%%%%%%%%%%%%%%%%%%%%%%%%%%%%%
% Elasticsearch
%%%%%%%%%%%%%%%%%%%%%%%%%%%%%%%%%%%%%%%%%%%%%%%%%%%%%%%%%%%%%%%%%%%%%%%%%%%%%%%%%
@book{book:elasticsearch_guide_2015,
    author = {{Clinton, Gormley}; {Zachary, Tong}},
    title = {Elasticsearch: The Definitive Guide},
    year = {2015},
    isbn = {1449358543},
    publisher = {O'Reilly Media, Inc.},
    edition = {1st},
    url = {https://stmarysguntur.com/wp-content/uploads/2019/04/1021302647.pdf},
}

%%%%%%%%%%%%%%%%%%%%%%%%%%%%%%%%%%%%%%%%%%%%%%%%%%%%%%%%%%%%%%%%%%%%%%%%%%%%%%%%%
% AI
%%%%%%%%%%%%%%%%%%%%%%%%%%%%%%%%%%%%%%%%%%%%%%%%%%%%%%%%%%%%%%%%%%%%%%%%%%%%%%%%%
@article{article:father_ai_2002,
    author={{Andresen, S.L.}},
    journal={IEEE Intelligent Systems}, 
    title={John McCarthy: Father of AI}, 
    year={2002},
    volume={17},
    number={5},
    pages={84-85},
    doi={10.1109/MIS.2002.1039837},
}