@online{site:mongodb,
    author = {MongoDB Inc},
    title = {MongoDB},
    url = {https://www.mongodb.com/},
}

@online{site:aws_lambda,
    author = {Amazon Web Services},
    title = {AWS Lambda},
    url = {https://aws.amazon.com/lambda/},
}

@online{site:aws_lambda_doc,
    author = {Amazon Web Services},
    title = {AWS Lambda Documentation},
    url = {https://docs.aws.amazon.com/lambda/}
}

@online{site:aws_sns,
    author = {Amazon Web Services},
    title = {Amazon Simple Notification Service},
    url = {https://aws.amazon.com/sns/},
}

@online{site:aws_sqs,
    author = {Amazon Web Services},
    title = {Amazon Simple Queue Service},
    url = {https://aws.amazon.com/sqs/},
}

@online{site:docker,
    author = {Docker Inc},
    title = {Docker},
    url = {https://www.docker.com/},
}

@online{site:knative,
    author = {Knative Community},
    title = {Knative},
    url = {https://knative.dev/},
}

@online{site:knative_graduation,
    author = {{Knative Steering Committee}},
    title = {Knative graduation proposal},
    url = {https://github.com/cncf/toc/pull/1245},
}

@online{site:knative_cncf_project,
    author = {{CNCF}},
    title = {Knative},
    url = {https://www.cncf.io/projects/knative/},
}

@online{site:knative_cli_tools,
    author = {Knative Community},
    title = {CLI tools},
    url = {https://knative.dev/development/client/},
}

@online{site:cloudevents,
    author = {CloudEvents Community},
    title = {CloudEvents},
    url = {https://cloudevents.io/},
}

@online{site:oci_image,
    author = {Linux Foundation},
    title = {About the Open Container Initiative},
    url = {https://opencontainers.org/about/overview/},
}

@online{site:creator_knative,
    author = {Google LLC},
    title = {Knative},
    url = {https://cloud.google.com/knative},
}

@online{site:kopjra,
    author = {Kopjra Srl},
    title = {Kopjra},
    url = {https://www.kopjra.com/},
}

@online{site:k8s_api,
    author = {CNCF},
    title = {Kubernetes API},
    url = {https://kubernetes.io/docs/concepts/overview/kubernetes-api/},
}

@online{site:k8s,
    author = {CNCF},
    title = {Kubernetes},
    url = {https://kubernetes.io/},
}

@online{site:elasticsearch_quickstart,
    author = {Elastic},
    title = {Elastic Cloud on Kubernetes},
    url = {https://www.elastic.co/guide/en/cloud-on-k8s/current/k8s-quickstart.html},
}

@online{site:elasticsearch_kubernetes,
    author = {Elastic},
    title = {Elasticsearch on Kubernetes: A new chapter begins},
    url = {https://www.elastic.co/blog/introducing-elastic-cloud-on-kubernetes-the-elasticsearch-operator-and-beyond},
}

@online{site:elasticsearch,
    author = {Elastic},
    title = {Elasticsearch Platform},
    url = {https://www.elastic.co/},
}

@online{site:elasticsearch_license,
    author = {Elastic},
    title = {FAQ on 2021 License Change},
    url = {https://www.elastic.co/pricing/faq/licensing},
}

@online{site:elasticsearch_vs_amazon,
    author = {{Banon, Shay}},
    title = {Amazon: NOT OK - why we had to change Elastic licensing},
    url = {https://www.elastic.co/blog/why-license-change-aws},
}

@online{site:elasticsearch_doc_index,
    author = {Elastic},
    title = {Data in: documents and indices},
    url = {https://www.elastic.co/guide/en/elasticsearch/reference/current/documents-indices.html},
}

@online{site:elasticsearch_cluster_conf,
    author = {Elastic},
    title = {Resilience in small clusters},
    url = {https://www.elastic.co/guide/en/elasticsearch/reference/current/high-availability-cluster-small-clusters.html},
}

@online{site:cncf_serverless,
    author = {CNCF Serverless Working Group},
    title = {CNCF Serverless Whitepaper},
    url = {https://github.com/cncf/wg-serverless/blob/master/whitepapers/serverless-overview/cncf_serverless_whitepaper_v1.0.pdf},
    year = {2018}
}

@online{site:tor_project,
    author = {The Tor Project Inc},
    title = {Tor Project},
    url = {https://www.torproject.org/}
}

@online{site:aws_serverless_crawler_engine_2021,
    author = {{Stevenson, Jack}},
    title = {Scaling up a Serverless Web Crawler and Search Engine},
    url = {https://aws.amazon.com/blogs/architecture/scaling-up-a-serverless-web-crawler-and-search-engine/},
    year = {2021}
}

@online{site:aws_serverless_web_scraping_2020,
    author = {{Martinaitis, Dzidas}},
    title = {Serverless Architecture for a Web Scraping Solution},
    url = {https://aws.amazon.com/blogs/architecture/serverless-architecture-for-a-web-scraping-solution/},
    year = {2020}
}

@online{site:introducing_aws_lambda,
    author = {Amazon Web Services},
    title = {Introducing AWS Lambda},
    url = {https://aws.amazon.com/about-aws/whats-new/2014/11/13/introducing-aws-lambda/},
    year = {2014}
}

@online{site:puppeteer,
    author = {Chrome DevTools team},
    title = {Puppeteer},
    url = {https://pptr.dev/},
}

@online{site:puppeteer_overview,
    author = {Google LLC},
    title = {Overview of Puppeteer},
    url = {https://developer.chrome.com/docs/puppeteer/},
    year = {2018}
}

@online{site:puppeteer_headless_new,
    author = {{Bynens, Mathias}; {Kvitek, Peter}},
    title = {Chrome's Headless mode gets an upgrade: introducing --headless=new},
    url = {https://developer.chrome.com/docs/chromium/new-headless},
    year = {2023}
}

@online{site:puppeteer_extra_wiki,
    author = {berstend},
    title = {Puppeteer-Extra Wiki},
    url = {https://github.com/berstend/puppeteer-extra/wiki},
    year = {2018}
}

@online{site:puppeteer_extra_stealth,
    author = {berstend},
    title = {Repository puppeteer-extra-plugin-stealth},
    url = {https://github.com/berstend/puppeteer-extra/tree/master/packages/puppeteer-extra-plugin-stealth},
    year = {2018}
}

@online{site:got_scraping,
    author = {Apify},
    title = {Repository got-scraping},
    url = {https://github.com/apify/got-scraping}
}

@online{site:cheerio,
    author = {CheerioJS},
    title = {Repository cheerio},
    url = {https://github.com/cheeriojs/cheerio}
}

@online{site:deploy_react_s3,
    author = {Jean-Baptiste Guillois},
    title = {Deploy a React-based single-page application to Amazon S3 and CloudFront},
    url = {https://docs.aws.amazon.com/prescriptive-guidance/latest/patterns/deploy-a-react-based-single-page-application-to-amazon-s3-and-cloudfront.html}
}

@online{site:chrome_aws_lambda,
    author = {alixaxel},
    title = {Repository chrome-aws-lambda},
    url = {https://github.com/alixaxel/chrome-aws-lambda}
}

@online{site:chromium_aws_lambda,
    author = {Sparticuz},
    title = {Repository chromium},
    url = {https://github.com/Sparticuz/chromium}
}

@online{site:universal_chrome,
    author = {Evan Sangaline},
    title = {Installing Google Chrome on CentOS, Amazon Linux, or RHEL},
    url = {http://intoli.com/blog/installing-google-chrome-on-centos/}
}

@online{site:lambda_memory_cpu,
    author = {Amazon Web Services},
    title = {Configuring Lambda function options},
    url = {https://docs.aws.amazon.com/lambda/latest/dg/configuration-function-common.html#configuration-memory-console}
}

@online{site:k8s_client_js,
    author = {CNCF},
    title = {Respository kubernetes-client/javascript},
    url = {https://github.com/kubernetes-client/javascript}
}

@online{site:cloudevents_js,
    author = {CNCF},
    title = {Respository cloudevents/sdk-javascript},
    url = {https://github.com/cloudevents/sdk-javascript}
}

@online{site:knative_rabbitmq,
    author = {Knative Community},
    title = {Respository eventing-rabbimq},
    url = {https://github.com/knative-extensions/eventing-rabbitmq}
}

@online{site:faas-js-runtime,
    author = {NodeShift by Red Hat},
    title = {Respository faas-js-runtime},
    url = {https://github.com/nodeshift/faas-js-runtime}
}

@online{site:rabbitmq,
    author = {RabbbitMQ},
    title = {RabbitMQ 3.13},
    url = {https://www.rabbitmq.com/}
}

@online{site:kube_prom_stack,
    author = {Prometheus Community},
    title = {Kube Prometheus Stack},
    url = {https://github.com/prometheus-community/helm-charts/tree/main/charts/kube-prometheus-stack}
}

@online{site:influxdb,
    author = {InfluxData},
    title = {InfluxDB v2},
    url = {https://github.com/influxdata/helm-charts/tree/master/charts/influxdb2}
}

@online{site:telegraf,
    author = {InfluxData},
    title = {Telegraf},
    url = {https://github.com/influxdata/helm-charts/tree/master/charts/telegraf}
}

@online{site:knative_collecting_metrics,
    author = {Knative Community},
    title = {Collecting Metrics in Knative},
    url = {https://knative.dev/docs/serving/observability/metrics/collecting-metrics/}
}

@online{site:prom_tel_influx,
    author = {InfluxData},
    title = {Prometheus Remote Write Support with InfluxDB 2.0},
    url = {https://www.influxdata.com/blog/prometheus-remote-write-support-with-influxdb-2-0/}
}

@online{site:cloudwatch_doc,
    author = {Amazon Web Services},
    title = {CloudWatch Documentation},
    url = {https://docs.aws.amazon.com/cloudwatch/}
}

@online{site:cloudwatch_doc,
    author = {Amazon Web Services},
    title = {CloudWatch Documentation},
    url = {https://docs.aws.amazon.com/cloudwatch/}
}

@online{site:nordvpn_apkpure,
    author = {NordVPN},
    title = {Is APKPure safe to use?},
    url = {https://nordvpn.com/blog/is-apkpure-safe/},
    year= {2022}
}

@online{site:avast_apkpure,
    author = {NordVPN},
    title = {A Guide to APKPure: Is It Legal and Is It Safe?},
    url = {https://www.avast.com/c-is-apkpure-safe},
    year= {2023}
}

@online{site:knative_batch_issue,
    author = {Knative Community},
    title = {QP request batcher},
    url = {https://github.com/knative/serving/issues/13691},
    year= {2023}
}